@article{gis_bild,
 abstract = {Applications of GIS in various fields: 1. Agriculture 2. Environment 3. Urban Planning {\&} Transportation 4. Disaster Management 5. Business...},
 author = {Pedamkar, Priya},
 year = {03.07.2023},
 title = {Applications of GIS},
 howpublished = {\url{https://www.educba.com/applications-of-gis/},
 urldate = {18.01.2024}},
 journal = {EDUCBA},
 file = {Pedamkar 03.07.2023 - Applications of GIS:Attachments/Pedamkar 03.07.2023 - Applications of GIS.pdf:application/pdf}
}

@misc{openlayers_wiki,
 abstract = {OpenLayers is an open-source (provided under the 2-clause BSD License) JavaScript library for displaying map data in web browsers as slippy maps. It provides an API for building rich web-based geographic applications similar to Google Maps and Bing Maps.},
 author = {Wikipedia},
 year = {2022},
 title = {OpenLayers},
 howpublished = {\url{https://en.wikipedia.org/w/index.php?title=OpenLayers&oldid=1084571502}},
 urldate = {19.01.2024},
 file = {Wikipedia (Hg.) 2022 - OpenLayers:Attachments/Wikipedia (Hg.) 2022 - OpenLayers.pdf:application/pdf}
}

% This file was created with Citavi 6.16.0.0

@misc{openlayers_examples,
 year = {18.12.2023},
 title = {Layer Groups},
author = {Openlayers},
 howpublished = {\url{https://openlayers.org/en/latest/examples/layer-group.html}},
 urldate = {19.01.2024}
}

@misc{schulen_nrw_keine_geodaten,
 year = {23.11.2023},
 title = {Downloads und Daten | Schulkarte NRW},
author = {{Landesbetrieb Information und Technik Nordrhein-Westfalen (IT.NRW)}},
 howpublished = {\url{https://www.giscloud.nrw.de/arcgis/apps/experiencebuilder/experience/?id=8c0ff3f118f941f8b10ee8ce18b93f2e&page=Downloads-und-Daten&views=Umkreissuche}},
 urldate = {18.01.2024}
}
@misc{schulen_geodaten,
 author = {GEOportal.NRW},
 year = {27.10.2022},
 title = {GEOportal.NRW},
 howpublished = {\url{https://www.geoportal.nrw/?activetab=map}},
 urldate = {18.01.2024}
}

@book{formulare_schwesinger_2007,
 author = {Schwesinger, Borries},
 year = {2007},
 title = {Formulare gestalten: Das Handbuch f{\"u}r alle, die das Leben einfacher machen wollen},
 price = {Hgewebe : EUR 89.00, EUR 75.00 (Subskr.-Pr. bis 31.12.2007), sfr 150.00 (freier Pr.), sfr 125.00 (Subskr.-Pr. bis 31.12.2007)},
 keywords = {Formular;Gebrauchsgrafik;Gestaltung},
 address = {Mainz},
 edition = {1. Aufl.},
 publisher = {Schmidt},
 isbn = {9783874397087},
 institution = {{Buchbinderei Schaumann}}
}

@article{nicole_opiela_deutschland-index_nodate,
	title = {Deutschland-{Index} der {Digitalisierung} 2023},
	author = {{Nicole Opiela} and {Jens Tiemann} and {Jan Dennis Gumz} and {Gabriele Goldacker} and {Dr. Mike Weber}},
	keywords = {1. Auﬂage Juni 2023, 10589 Berlin, 2023: {\textbackslash}frqqDeutschland-Index der, Abwandlungen und Bearbeitungen des Werkes bzw., Berlin: Kompetenzzentrum Öffentliche IT, das Werk bzw.den Inhalt zu vervielfältigen, Dieses Werk steht unter einer Creative Commons, Digitalisierung 2023{\textbackslash}flqq, Empfohlene Zitierweise:, Es ist erlaubt, Fabian Manzke, Fraunhofer-Institut für Offene Kommunikationssysteme FOKUS, Gestaltung:, Herausgeber:, http://www.oeffentliche-it.de/publikationen., info@oeffentliche-it.de, Inhaltes anzufertigen sowie das Werk kommerziell zu, ISBN: 978-3-948582-21-0                                                   , ist das letzte Abrufdatum der Onlinequellen der 12.06.2023., Kaiserin-Augusta-Allee 31, Kompetenzzentrum Öffentliche IT, Namen der Autor:innen sowie des Herausgebers., Namensnennung 3.0 Deutschland (CC BY 3.0) Lizenz., Nicole et al., nutzen. Bedingung für die Nutzung ist die Angabe der, Opiela, Quelle geltenden urheberrechtlichen Regelungen., Reiko Kammer, Sofern nicht anders gekennzeichnet, Telefax: +49-30-3463-99-7173, Telefon: +49-30-3463-7173, Umsetzung Onlinetool:, Von uns verwendete Zitate unterliegen den für die, www.fokus.fraunhofer.de, www.oeffentliche-it.de, zu verbreiten und öffentlich zugänglich zu machen},
}

@article{haufede_digitalisierung_2023,
	title = {Digitalisierung in {Deutschland} macht {Fortschritte}},
	howpublished = {\url{https://www.haufe.de/oeffentlicher-dienst/digitalisierung-transformation/digitalisierung-in-deutschland-macht-fortschritte_524786_598028.html}},
	abstract = {Das Kompetenzzentrum Öffentliche IT am Fraunhofer-Institut FOKUS hat den Deutschland-Index der Digitalisierung 2023 vorgestellt. In der Studie wird untersucht, wie es um die Digitalisierung der Verwaltung in Deutschland auf Länderebene bestellt ist und wie sich Infrastruktur, Wirtschaft, Verwaltung und Gesellschaft entwickeln. Manche Bundesländer habe beachtliche Fortschritte erzielt.},
	journal = {Haufe},
	author = {{www.haufe.de}},
	month = jun,
	year = {2023},
}

@article{halsbenning_digitalisierung_2021,
	title = {Digitalisierung öffentlicher {Dienstleistungen}: {Herausforderungen} und {Erfolgsfaktoren} der {OZG}-{Umsetzung} in der {Kommunalverwaltung}},
	volume = {58},
	issn = {2198-2775},
	doi = {10.1365/s40702-021-00765-5},
	number = {5},
	journal = {HMD},
	author = {Halsbenning, Sebastian},
	year = {2021},
	pages = {1038--1053},
}

@misc{formio,
	title = {Welcome to {Form}.io},
	howpublished = {\url{https://docs.form.io/master}},
	abstract = {The Form.io platform is capable of being the complete API engine for your Data Management Application.},
        author = {{Form.IO™}},
        year = {2022},
}

% This file was created with Citavi 6.16.0.0

@misc{formio_build,
 author = {{Form.IO™}},
 abstract = {Build Forms and JSON Schemas at the same time with the easy to use Form Builder},
 year = {2024},
 title = {Form Building},
 howpublished = {\url{https://docs.form.io/userguide/form-building}},
 urldate = {16.01.2024}
}




@misc{formio_github,
 abstract = {JavaScript powered Forms with JSON Form Builder. Contribute to formio/formio.js development by creating an account on GitHub.},
 author = {{Form.IO™}},
 year = {2024},
 title = {GitHub - formio/formio.js: JavaScript powered Forms with JSON Form Builder},
howpublished = {\url{https://github.com/formio/formio.js/}},
 urldate = {10.01.2024}
}

@misc{postgis,
 year = {02.01.2024},
 title = {2. Einf{\"u}hrung --- Einf{\"u}hrung in PostGIS},
 howpublished = {\url{https://www.postgis.net/workshops/postgis-intro/introduction.html}},
 urldate = {12.01.2024}
}
% This file was created with Citavi 6.16.0.0

@misc{wiki-geoobject,
 abstract = {Geoobjekt bezeichnet in der Geographie ein auf der Erde fr{\"u}her oder heute tats{\"a}chlich vorhandenes Objekt, das mittels Geodaten eindeutig referenzierbar ist. Es ist im strengeren Sinne der Geographie ein identifizierbarer Teil, im weiteren Sinne der Geoinformatik ein identifizierbares Merkmal der Erdoberfl{\"a}che, wie es f{\"u}r die kartographische Darstellung auf allgemein-geographischen und damit auch topographischen Karten, oder in Geoinformationssystemen relevant ist.},
 editor = {Wikipedia},
 year = {2023},
 title = {Geoobjekt},
 howpublished = {\url{https://de.wikipedia.org/w/index.php?title=Geoobjekt&oldid=239282180}},
 urldate = {12.01.2024},
 file = {Wikipedia (Hg.) 2023 - Geoobjekt:Attachments/Wikipedia (Hg.) 2023 - Geoobjekt.pdf:application/pdf}
}

@unpublished{ThomasWendt,
 author = {{Thomas Wendt}},
 year = {11.2023},
 title = {Eine kleine Einf{\"u}hrung zu GIS und Datenbanken}
}

@misc{wiki-geodatenbank,
 abstract = {Eine Geodatenbank ist eine Datenbank, welche f{\"u}r die Verarbeitung von r{\"a}umlichen Daten optimiert ist. Sie unterscheidet sich von herk{\"o}mmlichen Datenbanken durch die Einf{\"u}hrung zus{\"a}tzlicher Datentypen, die sich in der Regel am Standard des Open Geospatial Consortium (OGC) orientieren. Geodatenbanken entstehen oft durch die Erweiterung klassischer Datenbanksysteme mit entsprechender Software. Bekannte Ausf{\"u}hrungen sind PostGIS, SpatiaLite und Oracle Spatial and Graph.},
 editor = {Wikipedia},
 author = {Wikipedia},
 year = {2023},
 title = {Geodatenbank},
 howpublished = {\url{https://de.wikipedia.org/w/index.php?title=Geodatenbank&oldid=240483280}},
 urldate = {12.01.2024},
 file = {Wikipedia (Hg.) 2023 - Geodatenbank:Attachments/Wikipedia (Hg.) 2023 - Geodatenbank.pdf:application/pdf}
}




% This file was created with Citavi 6.16.0.0

@misc{schulwahl_nrw,
 abstract = {Eltern k{\"o}nnen mitbestimmen, auf welche Grundschule ihr Kind gehen soll -- jedoch h{\"a}ufig nur innerhalb eines bestimmten Einzugsgebietes. Welche Regelungen bei der Wahl der Grundschule gelten, welche Ausnahmen es gibt und was bei der Auswahl der weiterf{\"u}hrenden Schule zu beachten ist, zeigt dieser Artikel.},
 year = {2024},
author = {ALLRECHT},
 title = {Einschulung: Einzugsgebiet oder freie Schulwahl?},
howpublished = {\url{https://www.allrecht.de/alles-was-recht-ist/einschulung/}},
 urldate = {10.01.2024}
}





@misc{noauthor_11_2022,
	title = {1.1 {Die} {Welt} als {Informationsmosaik}},
	howpublished = {\url{http://gisbsc.gis-ma.org/GISBScL1/de/html/unit_GISBSc_VL1.html}},
	abstract = {GIS als räumliches Denken in der Geographie: Die Welt als Informationsmosaik.},
	month = sep,
	year = {2022},
}

@misc{noauthor_embed_2023,
	title = {Embed {SDK}},
	howpublished = {\url{https://www.typeform.com/developers/embed/}},
	month = nov,
	year = {2023},
}

@misc{noauthor_bmdv_2023,
	title = {{BMDV} - {Geoinformationen}},
	howpublished = {\url{https://bmdv.bund.de/DE/Themen/Digitales/Digitale-Gesellschaft/Geoinformationen/geoinformationen.html}},
	month = jul,
	year = {2023},
}

@misc{mms_digitale_dienste_2023,
	title = {Digitale {Verwaltung} {Telekom} {MMS}},
    author = {{Telekom MMS}},
	howpublished = {\url{https://leistungen.telekom-mms.com/expertise/digitale-verwaltung.html}},
	abstract = {Wie können Bürgerdienste \& interne Prozesse der Landesverwaltungen digitalisiert werden? Wir zeigen Ihnen, wie digitale Verwaltung zur Realität wird.},
	month = jul,
	year = {2023},
}

@misc{noauthor_geoportal_2023,
	title = {Geoportal - {Gemeinde} {Schwielowsee}},
	howpublished = {\url{https://www.schwielowsee.de/rathaus-politik/geoportal.html}},
	abstract = {Herzlich willkommen im Geoportal der Gemeinde Schwielowsee. Wenn Sie unser Geoportal bereits kennen, können Sie direkt mit der Kartenanwendung des Geoportal beg},
	month = jul,
	year = {2023},
}

@misc{mms_moderne_verwaltung_2023,
	title = {Moderne {Verwaltung} dank digitaler {Services}},
    author = {{Telekom MMS}},
	howpublished = {\url{https://www.telekom-mms.com/erfolgsstories/referenzen/d-nrw-serviceportal},
	abstract = {Mit dem Serviceportal.NRW schreitet das Bundesland Nordrhein-Westfalen auf dem Weg zum digitalen Bürgeramt weiter voran.}},
	month = jul,
	year = {2023},
}

@misc{noauthor_2_2023,
	title = {2. {Einführung} in {GIS} — {QGIS} {Documentation} {Dokumentation}},
	howpublished = {\url{https://docs.qgis.org/3.28/de/docs/gentle_gis_introduction/introducing_gis.html}},
	abstract = {QGIS 3.28 documentation: 2. Einführung in GIS},
	month = jul,
	year = {2023},
}

@misc{gis_gisbsc,
	title = {1.1.1 {GIS}-{Definitionen}},
	howpublished = {\url{http://gisbsc.gis-ma.org/GISBScL1/de/html/GISBSc_VL1_V_lo1.html}},
	abstract = {GIS als räumliches Denken in der Geographie: GIS-Definitionen. GIS als Software. GIS als projektorientiertes Computer-System. GIS als produktiver Workflow. Denken Sie nach... Fragen. Linkliste.},
	month = mar,
	year = {2022},
	keywords = {definition GIS, GIS als räumliches Denken in der Geographie, information systemsInformation, NUTS, Open Source},
}

@book{bill_grundlagen_2023,
	address = {Berlin},
	edition = {7., völlig neu bearbeitete Auflage},
	title = {Grundlagen der {Geo}-{Informationssysteme}},
	isbn = {978-3-87907-715-1},
	publisher = {Wichmann},
	author = {Bill, Ralf},
	year = {2023},
}

@incollection{bleek_steuerungsmodell_2005,
	address = {Dordrecht},
	title = {Steuerungsmodell zur kundenorientierten {Entwicklung} von {E}-{Government}-{Dienstleistungen}},
	isbn = {978-3-7908-1624-2},
	howpublished = {\url{https://link.springer.com/chapter/10.1007/3-7908-1624-8_37}}         ,
	abstract = {Damit Investitionen in Online-Angebote der Verwaltung zeitnah zu den erwarteten Qualitätsverbesserungen und Einsparungseffekten führen, richtet sich der Fokus bei der E-Government-Entwicklung zunehmend auf die Abnehmer der Dienstleistungen und deren...},
	booktitle = {Wirtschaftsinformatik 2005},
	publisher = {Springer},
	author = {Bleek, Wolf-Gideon and Klischewski, Ralf and Stach, Heike},
	editor = {Ferstl, Otto K. and Sinz, Elmar J. and Eckert, Sven and Isselhorst, Tilman},
	year = {2005},
	doi = {10.1007/3-7908-1624-8‗ 37},
	pages = {709--728},
}

@misc{mms_blog_2020,
	title = {Vom {Amt} zum e-{Government}: {Das} {OZG} ist nicht alles {\textbar} {Blog} der {Telekom} {MMS}},
	howpublished = {\url{https://blog.telekom-mms.com/digital-stories/vom-amt-zum-e-government-das-ozg-ist-nicht-alles}},
	abstract = {Was ist das OZG und wie wird es umgesetzt? Hier finden Sie Antworten auf die grundlegenden Fragen rund um E-Government und das Onlinezugangsgesetz.},
	author = {{Blog der Telekom MMS {\textbar} Wir geben Digitalisierung ein Gesicht}},
	year = {2020},
}

@misc{bundesministerium_des_innern_und_fur_heimat_onlinezugangsgesetz_2017,
	title = {Onlinezugangsgesetz ({OZG})},
	howpublished = {\url{https://www.bmi.bund.de/DE/themen/moderne-verwaltung/verwaltungsmodernisierung/onlinezugangsgesetz/onlinezugangsgesetz-artikel.html}},
	abstract = {Die Interaktion zwischen Bürgerinnen, Bürgern und Unternehmen mit der Verwaltung soll in Zukunft deutlich schneller, effizienter und nutzerfreundlicher werden.},
	author = {{Bundesministerium des Innern und für Heimat}},
	month = sep,
	year = {2017},
	note = {Publication Title: Bundesministerium des Innern und für Heimat},
}
@misc{bundesministerium_des_innern_und_fur_heimat_lexikon,
	title = {Lexikon ({Geobasisdaten})},
	howpublished = {\url{https://www.bmi.bund.de/DE/service/lexikon/functions/bmi-lexikon.html?cms_lv3=9398044&cms_lv2=9391104#doc9398044}},
	abstract = {Hier finden Sie - nach Schlagworten sortiert - Kurzinformationen rund um die vielfältigen Themen des Bundesministeriums des Innern und für Heimat.},
	author = {{Bundesministerium des Innern und für Heimat}},
	year = {2023},
	note = {Publication Title: Bundesministerium des Innern und für Heimat},
}

@misc{eitco_gmbh_formularmanagementsystem_2023,
	title = {Formularmanagementsystem - {EITCO} {GmbH}},
	howpublished = {\url{https://www.eitco.de/loesungen/formular-management/?utm_campaign=AD20&utm_source=ppc&utm_medium=artikel&utm_term=formularmanagement}},
	abstract = {Formulare erstellen, verwalten, ausfüllen und integrieren: Mit einem Formular-Management-System binden Sie Ihre Formulare direkt an Workflows.},
	author = {{EITCO GmbH}},
	month = jan,
	year = {2023},
}

@book{ferstl_wirtschaftsinformatik_2005,
	address = {Dordrecht},
	title = {Wirtschaftsinformatik 2005: {Eeconomy}, {Egovernment}, {Esociety}},
	isbn = {978-3-7908-1624-2},
	abstract = {Die 7. Internationale Tagung Wirtschaftsinformatik 2005 (WI 2005) steht unter dem Leitthema eEconomy, eGovernment, eSociety. Durch dieses Thema kommt der erweiterte Gegenstand der Fachdisziplin Wirtschaftsinformatik zum Ausdruck, der ausgehend von Informationssystemen in Unternehmen zunehmend auch Informationssysteme in öffentlichen Verwaltungen und privaten Haushalten umfasst. Die Beiträge zur WI 2005 greifen folgende Schwerpunkte auf: ERP und SCM, Grid Computing, CRM/SRM, Internet-Ökonomie, eBusiness, Outsourcing, eFinance, IS- und SW-Architekturen, eGovernment, eProcurement, eLearning, Wiss},
	publisher = {Springer},
	editor = {Ferstl, Otto K. and Sinz, Elmar J. and Eckert, Sven and Isselhorst, Tilman},
	year = {2005},
}

@misc{fms_startseite_2020,
	title = {Startseite},
	howpublished = {\url{https://www.formular-management-system.de/DE/Home/homepage_node.html}},
	abstract = {homepage\_node},
	author = {{FMS}},
	month = oct,
	year = {2020},
}

@misc{focus_online_formularmanagement_2023,
	title = {Formularmanagement - {FOCUS}.de},
	howpublished = {\url{https://unternehmen.focus.de/formularmanagement.html}},
	abstract = {Die European IT Consultancy EITCO GmbH entwickelt Lösungen für das Formularmanagement in Unternehmen und anderen Organisationen. Hier mehr dazu!},
	author = {{FOCUS Online}},
	month = nov,
	year = {2023},
}

@misc{geoportal_brandenburg_geoportal_2021,
	title = {Geoportal {Brandenburg}: {Geodateninfrastruktur} ({GDI})},
	howpublished = {\url{https://geoportal.brandenburg.de/de/cms/portal/gdi-brandenburg/geodateninfrastruktur-gdi}},
	abstract = {Eine kurze Erläuterung zum Thema Geodateninfrastruktur},
	author = {{Geoportal Brandenburg}},
	year = {2021},
}

@book{hofmann_digital_2023,
	address = {Baden-Baden and Wien and Basel},
	edition = {1. Auflage},
	series = {Beck-online {Bücher}},
	title = {Digital {Services} {Act}: {Gesetz} über digitale {Dienste}},
	howpublished = {\url{https://beck-online.beck.de/?vpath=bibdata%2Fkomm%2FHofRauKoDSA_1%2Fcont%2FHofRauKoDSA%2Ehtm}},
	publisher = {Nomos and MANZ and Helbing Lichtenhahn},
	editor = {Hofmann, Franz and Raue, Benjamin and Dregelies, Max and Grisse, Karina},
	year = {2023},
}

@misc{jens_gis_2020,
	title = {{GIS} einfach erklärt},
	howpublished = {\url{https://www.gis-lernen.de/einfuehrung/gis-einfach-erklaert/}},
	abstract = {Aufbau und Funktionsweise von GIS In diesem Abschnitt lernst Du die wichtigsten Begriffe, den Aufbau und die Funktionsweise von GIS kennen. Du wirst in das The},
	author = {{Jens}},
	year = {2020},
}

@book{julika_miehlbradt_geodaten_nodate,
	title = {Geodaten in {Geoinformationssystemen} verwenden und präsentieren},
	isbn = {978-3-662-66274-8\_4},
	howpublished = {\url{https://link.springer.com/chapter/10.1007/978-3-662-66274-8_4}}    ,
	author = {{Julika Miehlbradt}},
}

@book{krause_handbuch_2023,
	address = {Bielefeld},
	series = {utb-studi-e-book},
	title = {Handbuch {Digitalisierung} der {Verwaltung}},
	volume = {5929},
	isbn = {978-3-8385-5929-2},
	howpublished = {\url{https://elibrary.utb.de/doi/book/10.36198/9783838559292}},
	abstract = {Die Digitalisierung der öffentlichen Verwaltung birgt großes Potenzial für einen sinnvollen und lösungsorientierten Wandel. Damit verbunden sind ebenso große Herausforderungen bei der konstruktiven Umsetzung funktionsfähiger Ansätze. Die Beiträger:innen des Handbuchs übersetzen Fachdebatten aus der Wissenschaft und analysieren Beispiele aus der Verwaltungspraxis, um die besten Wege für eine positive Transformation aufzuzeigen. Neben praxisrelevanten Überblicksartikeln, Fallstudien und empirischen Untersuchungen zeigen sie sowohl für den öffentlichen als auch den privaten Sektor praktische Aspekte und theoretische Konzepte auf, die inspirieren und die nötigen Veränderungen einzuleiten helfen.},
	publisher = {UTB and transcript},
	editor = {Krause, Tobias Alexander and Schachtner, Christian and Thapa, Basanta},
	year = {2023},
	doi = {10.36198/9783838559292},
}

@article{luttenberger_georeferenzierte_2010,
	title = {Georeferenzierte {Daten}},
	issn = {0930-5157},
	doi = {10.1515/piko.2010.042},
	number = {4},
	journal = {PIK - Praxis der Informationsverarbeitung und Kommunikation},
	author = {Luttenberger, Norbert and Dressler, Falko},
	year = {2010},
	pages = {pp. 243--244},
}

@article{muller_bedeutung_2019,
	title = {Bedeutung und {Potenzial} von {Geoinformationen} und deren {Anwendungen} im {Kontext} von {Bibliotheken} und digitalen {Sammlungen}},
	volume = {43},
	issn = {0341-4183},
	doi = {10.1515/bfp-2018-0049},
	number = {1},
	journal = {Bibliothek Forschung und Praxis},
	author = {Müller, Friedrich and Schmunk, Stefan},
	year = {2019},
	pages = {21--34},
}

@article{nolde_geodateninfrastrukturen_2010,
	title = {Geodateninfrastrukturen und ihre {Anwendungen} in der {Praxis}},
	volume = {33},
	issn = {0930-5157},
	doi = {10.1515/piko.2010.043},
	number = {4},
	journal = {PIK - Praxis der Informationsverarbeitung und Kommunikation},
	author = {Nolde, Michael and Duttmann, Rainer and Blaschek, Michael and Klein, Ulrike},
	year = {2010},
}

@misc{osgeo_what_2018,
	title = {What is {Open} {Source}? - {OSGeo}},
	howpublished = {\url{https://www.osgeo.org/about/what-is-open-source/}},
	abstract = {A new way to Geo Using open source offers greater control than you may be familiar with from proprietary (closed) software. You are no longer tied to per-seat licensing or to a single software vendor. Support is available from an {\textbackslash}ldots Continued},
	author = {{OSGeo}},
	month = jan,
	year = {2018},
}

@misc{publisher_formular-management-system_2023,
	title = {Formular-{Management}-{System} ({FMS})},
	howpublished = {\url{https://www.itzbund.de/DE/itloesungen/standardloesungen/fms/fms.html}},
	abstract = {Mit FMS stellt das ITZBund eine Formularsoftware für die Bundesverwaltung bereit. Dieses System ermöglicht eine medienbruchfreie digitale Kommunikation von Bürgerinnen, Bürgern und Unternehmen mit der Verwaltung. Rund 60 Bundesbehörden nutzen die Software für vielfältige Anwendungsbereiche.},
	author = {{Publisher}},
	month = nov,
	year = {2023},
}

@book{ruttgers_transformationen_2023,
	address = {München},
	edition = {1. Auflage},
	title = {Transformationen: {Wie} sich {Deutschland} ändern muss, um die {Zukunft} erfolgreich zu meistern},
	isbn = {978-3-451-83149-2},
	howpublished = {\url{https://nbn-resolving.org/urn:nbn:de:bsz:31-epflicht-3052490}},
	abstract = {Derzeit herrscht eine dezidierte Krisenstimmung. Die vielen Erscheinungsformen der gegenwärtig viel besprochenen {\textbackslash}frqqZeitenwende{\textbackslash}flqq überfordern die Menschen: Klimakrise und Energiewende, Kriege und Spannungen der Großmächte, Migration und der Zustand Europas. Jürgen Rütters, der ehemalige Ministerpräsident NRWs, plädiert dafür, die Grundsätze unser freiheitlichen Gesellschaft nicht über Bord zu werfen und in Angst zu erstarren. Vielmehr gilt es, die Zukunft aktiv zu gestalten und eine neue Wissensgesellschaft zu formen. Er ist sich sicher: Wir können die Transformationen unserer Zeit mit einer mutigen, europäischen Politik erfolgreich meistern.},
	publisher = {Verlag Herder},
	author = {Rüttgers, Jürgen},
	year = {2023},
}

@book{seckelmann_handbuch_2021,
	address = {Berlin and Heidelberg},
	title = {Handbuch {Onlinezugangsgesetz}: {Potenziale} - {Synergien} - {Herausforderungen}},
	isbn = {978-3-662-62394-7},
	publisher = {Springer},
	editor = {Seckelmann, Margrit and Brunzel, Marco},
	year = {2021},
}

@article{verwohlt_geoinformationsstrategie_nodate,
	title = {geoinformationsstrategie},
	author = {Verwohlt, Monika},
}

@book{de_lange_geoinformatik_2020,
	address = {Berlin, Heidelberg},
	title = {Geoinformatik in {Theorie} und {Praxis}: {Grundlagen} von {Geoinformationssystemen}, {Fernerkundung} und digitaler {Bildverarbeitung}},
	isbn = {978-3-662-60708-4 978-3-662-60709-1      },
	shorttitle = {Geoinformatik in {Theorie} und {Praxis}},
	howpublished = {\url{http://link.springer.com/10.1007/978-3-662-60709-1}} ,
	language = {de},
	urldate = {2023-12-09},
	publisher = {Springer Berlin Heidelberg},
	author = {De Lange, Norbert},
	year = {2020},
	doi = {10.1007/978-3-662-60709-1},
	file = {De Lange - 2020 - Geoinformatik in Theorie und Praxis Grundlagen vo.pdf:C\:\\Users\\s0572\\Zotero\\storage\\LGUQQ83K\\De Lange - 2020 - Geoinformatik in Theorie und Praxis Grundlagen vo.pdf:application/pdf},
}

@book{feldhoff_georessourcen_2022,
	address = {Berlin, Heidelberg},
	title = {Georessourcen: {Transformationen}, {Konflikte}, {Kooperationen}},
	isbn = {978-3-662-65746-1 978-3-662-65747-8            },
	shorttitle = {Georessourcen},
	howpublished = {\url{https://link.springer.com/10.1007/978-3-662-65747-8}} ,
	language = {de},
	urldate = {2023-12-09},
	publisher = {Springer Berlin Heidelberg},
	author = {Feldhoff, Thomas and Schneider, Helmut},
	year = {2022},
	doi = {10.1007/978-3-662-65747-8},
	file = {Feldhoff und Schneider - 2022 - Georessourcen Transformationen, Konflikte, Kooper.pdf:C\:\\Users\\s0572\\Zotero\\storage\\Q5W9VR3L\\Feldhoff und Schneider - 2022 - Georessourcen Transformationen, Konflikte, Kooper.pdf:application/pdf},
}

@book{klaus_geomatik_2023,
	address = {Berlin, Heidelberg},
	title = {Geomatik: {Eine} {Einführung}},
	isbn = {978-3-662-66273-1 978-3-662-66274-8          },
	shorttitle = {Geomatik},
	howpublished = {\url{https://link.springer.com/10.1007/978-3-662-66274-8}} ,
	language = {de},
	urldate = {2023-12-09},
	publisher = {Springer Berlin Heidelberg},
	editor = {Klaus, Josefine},
	year = {2023},
	doi = {10.1007/978-3-662-66274-8},
	file = {Klaus - 2023 - Geomatik Eine Einführung.pdf:C\:\\Users\\s0572\\Zotero\\storage\\QXB7IMKI\\Klaus - 2023 - Geomatik Eine Einführung.pdf:application/pdf},
}

@book{haghwerdi-poor_gis-konzept_2010,
	address = {Wiesbaden},
	title = {{GIS}-{Konzept} und {Konturen} eines {IT}-{Master}-{Plans}},
	isbn = {978-3-8348-0522-5 978-3-8348-9373-4       },
	howpublished = {\url{http://link.springer.com/10.1007/978-3-8348-9373-4}},
	language = {de},
	urldate = {2023-12-09},
	publisher = {Vieweg+Teubner},
	author = {Haghwerdi-Poor, Ghader},
	year = {2010},
	doi = {10.1007/978-3-8348-9373-4},
	file = {Haghwerdi-Poor - 2010 - GIS-Konzept und Konturen eines IT-Master-Plans.pdf:C\:\\Users\\s0572\\Zotero\\storage\\KCPGJ93Z\\Haghwerdi-Poor - 2010 - GIS-Konzept und Konturen eines IT-Master-Plans.pdf:application/pdf},
}

@article{petrulevich_digital_nodate,
	title = {{DIGITAL} {SPATIAL} {INFRASTRUCTURES} {AND} {WORLDVIEWS} {IN} {PRE}-{MODERN} {SOCIETIES}},
	language = {en},
	author = {Petrulevich, Alexandra and Boeck, Simon Skovgaard},
	file = {Petrulevich und Boeck - DIGITAL SPATIAL INFRASTRUCTURES AND WORLDVIEWS IN .pdf:C\:\\Users\\s0572\\Zotero\\storage\\PCKUJARE\\Petrulevich und Boeck - DIGITAL SPATIAL INFRASTRUCTURES AND WORLDVIEWS IN .pdf:application/pdf},
}

@article{muller_bedeutung_2019-1,
	title = {Bedeutung und {Potenzial} von {Geoinformationen} und deren {Anwendungen} im {Kontext} von {Bibliotheken} und digitalen {Sammlungen}},
	volume = {43},
	issn = {1865-7648, 0341-4183},
	howpublished = {\url{https://www.degruyter.com/document/doi/10.1515/bfp-2018-0049/html}},
	doi = {10.1515/bfp-2018-0049},
	abstract = {In recent years, there has been an increased demand from many disciplines in providing geographic information and research applications with GIS component(s). With respect to the digital transformation of libraries and the associated technical advances and progress in information science, such as text and data mining methods, a large amount of spatiotemporal information is available in libraries. In this context, this article provides an exemplary overview of existing developments in libraries worldwide, identifies perspectives on the development and use of geoinformation for beneficial, future-oriented deployment, and names which components and services could be offered by libraries in the future.},
	language = {de},
	number = {1},
	urldate = {2023-12-09},
	journal = {Bibliothek Forschung und Praxis},
	author = {Müller, Friedrich and Schmunk, Stefan},
	month = apr,
	year = {2019},
	pages = {21--34},
	file = {Müller und Schmunk - 2019 - Bedeutung und Potenzial von Geoinformationen und d.pdf:C\:\\Users\\s0572\\Zotero\\storage\\783TZNZV\\Müller und Schmunk - 2019 - Bedeutung und Potenzial von Geoinformationen und d.pdf:application/pdf},
}

@article{nolde_geodateninfrastrukturen_2010-1,
	title = {Geodateninfrastrukturen und ihre {Anwendungen} in der {Praxis}},
	volume = {33},
	issn = {0930-5157, 1865-8342},
	howpublished = {\url{https://www.degruyter.com/document/doi/10.1515/piko.2010.043/html}},
	doi = {10.1515/piko.2010.043},
	language = {de},
	number = {4},
	urldate = {2023-12-09},
	journal = {PIK - Praxis der Informationsverarbeitung und Kommunikation},
	author = {Nolde, Michael and Duttmann, Rainer and Blaschek, Michael and Klein, Ulrike},
	month = jan,
	year = {2010},
	file = {Nolde et al. - 2010 - Geodateninfrastrukturen und ihre Anwendungen in de.pdf:C\:\\Users\\s0572\\Zotero\\storage\\CZJ5I2KY\\Nolde et al. - 2010 - Geodateninfrastrukturen und ihre Anwendungen in de.pdf:application/pdf},
}

@article{luttenberger_georeferenzierte_2010-1,
	title = {Georeferenzierte {Daten}},
	volume = {33},
	issn = {0930-5157, 1865-8342},
	howpublished = {\url{https://www.degruyter.com/document/doi/10.1515/piko.2010.042/html}},
	doi = {10.1515/piko.2010.042},
	language = {de},
	number = {4},
	urldate = {2023-12-09},
	journal = {PIK - Praxis der Informationsverarbeitung und Kommunikation},
	author = {Luttenberger, Norbert and Dressler, Falko},
	month = jan,
	year = {2010},
	file = {Luttenberger und Dressler - 2010 - Georeferenzierte Daten.pdf:C\:\\Users\\s0572\\Zotero\\storage\\Q6Q6GT6L\\Luttenberger und Dressler - 2010 - Georeferenzierte Daten.pdf:application/pdf},
}

@incollection{ferstl_steuerungsmodell_2005,
	address = {Heidelberg},
	title = {Steuerungsmodell zur kundenorientierten {Entwicklung} von {E}-{Government}-{Dienstleistungen}},
	isbn = {978-3-7908-1574-0 978-3-7908-1624-2          },
	howpublished = {\url{http://link.springer.com/10.1007/3-7908-1624-8_37}},
	language = {de},
	urldate = {2023-12-09},
	booktitle = {Wirtschaftsinformatik 2005},
	publisher = {Physica-Verlag HD},
	author = {Bleek, Wolf-Gideon and Klischewski, Ralf and Stach, Heike},
	editor = {Ferstl, Otto K. and Sinz, Elmar J. and Eckert, Sven and Isselhorst, Tilman},
	year = {2005},
	doi = {10.1007/3-7908-1624-8_37},
	pages = {709--728},
	file = {Bleek et al. - 2005 - Steuerungsmodell zur kundenorientierten Entwicklun.pdf:C\:\\Users\\s0572\\Zotero\\storage\\622P3A62\\Bleek et al. - 2005 - Steuerungsmodell zur kundenorientierten Entwicklun.pdf:application/pdf},
}

@book{markus_auf_2022,
	address = {Wiesbaden},
	series = {Edition {Innovative} {Verwaltung}},
	title = {Auf dem {Weg} zur digitalen {Verwaltung}: {Ein} ganzheitliches {Konzept} für eine gelingende {Digitalisierung} in der öffentlichen {Verwaltung}},
	isbn = {978-3-658-37150-0 978-3-658-37151-7          },
	shorttitle = {Auf dem {Weg} zur digitalen {Verwaltung}},
	howpublished = {\url{https://link.springer.com/10.1007/978-3-658-37151-7}},
	language = {de},
	urldate = {2023-12-09},
	publisher = {Springer Fachmedien Wiesbaden},
	author = {Markus, Heike and Meuche, Thomas},
	year = {2022},
	doi = {10.1007/978-3-658-37151-7},
	keywords = {formulare},
	annote = {Hier kann ich Infos über die Formulare entnehmen, die Bestandteil der Digitalisierung sind. 
},
	annote = {Ich befinde mich in dem Verwaltungsprozess “Antrag stellen”. Bevor der Antrag in die nächsten Phase “Antrag prüfen” geht, kann ein FMS Antrag überprüfen und somit ein Teil der Arbeit dem Sachbearbeiter übernehmen. Damit Formular-Überprüfung vor dem Ansenden effizienter abläuft, kann das Formular eine größere Menge von Daten enthalten. Die Daten können unterschiedliche Formaten haben. 
},
	file = {Markus und Meuche - 2022 - Auf dem Weg zur digitalen Verwaltung Ein ganzheit.pdf:C\:\\Users\\s0572\\Zotero\\storage\\HA7IYBHR\\Markus und Meuche - 2022 - Auf dem Weg zur digitalen Verwaltung Ein ganzheit.pdf:application/pdf},
}

@book{brettschneider_smart_2023,
	address = {Wiesbaden},
	series = {Politik gestalten - {Kommunikation}, {Deliberation} und {Partizipation} bei politisch relevanten {Projekten}},
	title = {Smart {Cities}, {Digitalisierung} und {Bürgerbeteiligung}: {Die} {Sicht} von {Politik} und {Verwaltung}},
	isbn = {978-3-658-38968-0 978-3-658-38969-7    },
	shorttitle = {Smart {Cities}, {Digitalisierung} und {Bürgerbeteiligung}},
	howpublished = {\url{https://link.springer.com/10.1007/978-3-658-38969-7}},
	language = {de},
	urldate = {2023-12-09},
	publisher = {Springer Fachmedien Wiesbaden},
	editor = {Brettschneider, Frank},
	year = {2023},
	doi = {10.1007/978-3-658-38969-7},
	file = {Brettschneider - 2023 - Smart Cities, Digitalisierung und Bürgerbeteiligun.pdf:C\:\\Users\\s0572\\Zotero\\storage\\YJ9HBXLR\\Brettschneider - 2023 - Smart Cities, Digitalisierung und Bürgerbeteiligun.pdf:application/pdf},
}

@book{benz_zukunft_2023,
	address = {Wiesbaden},
	title = {Zukunft smarte {Kommune}: {Modellentwurf}, {Vorgehen} und {Handlungsempfehlungen} für kleine {Städte} und {Gemeinden}},
	isbn = {978-3-658-40372-0 978-3-658-40373-7    },
	shorttitle = {Zukunft smarte {Kommune}},
	howpublished = {\url{https://link.springer.com/10.1007/978-3-658-40373-7}},
	language = {de},
	urldate = {2023-12-09},
	publisher = {Springer Fachmedien Wiesbaden},
	author = {Benz, Ilona},
	year = {2023},
	doi = {10.1007/978-3-658-40373-7},
	file = {Benz - 2023 - Zukunft smarte Kommune Modellentwurf, Vorgehen un.pdf:C\:\\Users\\s0572\\Zotero\\storage\\9XYB2TN7\\Benz - 2023 - Zukunft smarte Kommune Modellentwurf, Vorgehen un.pdf:application/pdf},
}

@book{roters_zukunft_2023,
	address = {Wiesbaden},
	title = {Zukunft denken und verantworten: {Herausforderungen} für {Politik}, {Wissenschaft} und {Gesellschaft} im 21. {Jahrhundert}},
	isbn = {978-3-658-41038-4 978-3-658-41039-1   },
	shorttitle = {Zukunft denken und verantworten},
	howpublished = {\url{https://link.springer.com/10.1007/978-3-658-41039-1}},
	language = {de},
	urldate = {2023-12-09},
	publisher = {Springer Fachmedien Wiesbaden},
	editor = {Roters, Wolfgang and Gräf, Horst and Wollmann, Hellmut},
	year = {2023},
	doi = {10.1007/978-3-658-41039-1},
	file = {Roters et al. - 2023 - Zukunft denken und verantworten Herausforderungen.pdf:C\:\\Users\\s0572\\Zotero\\storage\\L3YTX7BX\\Roters et al. - 2023 - Zukunft denken und verantworten Herausforderungen.pdf:application/pdf},
}

@book{meister_vielfalt_2023,
	address = {Wiesbaden},
	title = {Vielfalt in der öffentlichen {Verwaltung}: {Strategien} und {Konzepte} für ein wirksames {Diversity} {Management} in {Kommunen}, {Ländern} und {Bund}},
	isbn = {978-3-658-41701-7 978-3-658-41702-4     },
	shorttitle = {Vielfalt in der öffentlichen {Verwaltung}},
	howpublished = {\url{https://link.springer.com/10.1007/978-3-658-41702-4}},
	language = {de},
	urldate = {2023-12-09},
	publisher = {Springer Fachmedien Wiesbaden},
	editor = {Meister, John and Hörmeyer, Matthias},
	year = {2023},
	doi = {10.1007/978-3-658-41702-4},
	file = {Meister und Hörmeyer - 2023 - Vielfalt in der öffentlichen Verwaltung Strategie.pdf:C\:\\Users\\s0572\\Zotero\\storage\\BL8CFCSY\\Meister und Hörmeyer - 2023 - Vielfalt in der öffentlichen Verwaltung Strategie.pdf:application/pdf},
}

@book{ferreira_da_costa_prozessmodernisierung_2023,
	address = {Wiesbaden},
	title = {Prozessmodernisierung in der öffentlichen {Verwaltung}: {Prozesse} selbst analysieren, optimieren, digitalisieren. {Praxisnah} mit zahlreichen {Leitfäden}},
	isbn = {978-3-658-41994-3 978-3-658-41995-0      },
	shorttitle = {Prozessmodernisierung in der öffentlichen {Verwaltung}},
	howpublished = {\url{https://link.springer.com/10.1007/978-3-658-41995-0}} ,
	language = {de},
	urldate = {2023-12-09},
	publisher = {Springer Fachmedien Wiesbaden},
	author = {Ferreira Da Costa, Nina},
	year = {2023},
	doi = {10.1007/978-3-658-41995-0},
	annote = {Was ist eigentlich Formular? ab S.59
},
	file = {Ferreira Da Costa - 2023 - Prozessmodernisierung in der öffentlichen Verwaltu.pdf:C\:\\Users\\s0572\\Zotero\\storage\\2XJTJ8VX\\Ferreira Da Costa - 2023 - Prozessmodernisierung in der öffentlichen Verwaltu.pdf:application/pdf},
}

@book{seckelmann_handbuch_2021-1,
	address = {Berlin, Heidelberg},
	title = {Handbuch {Onlinezugangsgesetz}: {Potenziale} - {Synergien} - {Herausforderungen}},
	isbn = {978-3-662-62394-7 978-3-662-62395-4       },
	shorttitle = {Handbuch {Onlinezugangsgesetz}},
	howpublished = {\url{https://link.springer.com/10.1007/978-3-662-62395-4}} ,
	language = {de},
	urldate = {2023-12-09},
	publisher = {Springer Berlin Heidelberg},
	editor = {Seckelmann, Margrit and Brunzel, Marco},
	year = {2021},
	doi = {10.1007/978-3-662-62395-4},
	file = {Seckelmann und Brunzel - 2021 - Handbuch Onlinezugangsgesetz Potenziale - Synergi.pdf:C\:\\Users\\s0572\\Zotero\\storage\\Y4TTRHM6\\Seckelmann und Brunzel - 2021 - Handbuch Onlinezugangsgesetz Potenziale - Synergi.pdf:application/pdf},
}

@book{lehmann_kompetenzen_2021,
	address = {Berlin, Heidelberg},
	title = {Kompetenzen für die digitale {Transformation} 2020: {Digitalisierung} der {Arbeit} - {Kompetenzen} - {Nachhaltigkeit} 1. {Digitalkompetenz}-{Tagung}},
	isbn = {978-3-662-62865-2 978-3-662-62866-9      },
	shorttitle = {Kompetenzen für die digitale {Transformation} 2020},
	howpublished = {\url{https://link.springer.com/10.1007/978-3-662-62866-9}} ,
	language = {de},
	urldate = {2023-12-09},
	publisher = {Springer Berlin Heidelberg},
	editor = {Lehmann, Lisa and Engelhardt, Doris and Wilke, Winfried},
	year = {2021},
	doi = {10.1007/978-3-662-62866-9},
	file = {Lehmann et al. - 2021 - Kompetenzen für die digitale Transformation 2020 .pdf:C\:\\Users\\s0572\\Zotero\\storage\\CLCWZPRG\\Lehmann et al. - 2021 - Kompetenzen für die digitale Transformation 2020 .pdf:application/pdf},
}

@article{opiela_deutschland-index_nodate,
	title = {Deutschland-{Index} der {Digitalisierung} 2023},
	language = {de},
	author = {Opiela, Nicole and Tiemann, Jens and Gumz, Jan Dennis and Goldacker, Gabriele and Weber, Dr Mike},
	file = {Opiela et al. - Deutschland-Index der Digitalisierung 2023.pdf:C\:\\Users\\s0572\\Zotero\\storage\\LLXY5LJ8\\Opiela et al. - Deutschland-Index der Digitalisierung 2023.pdf:application/pdf},
}

@article{halsbenning_digitalisierung_2021-1,
	title = {Digitalisierung öffentlicher {Dienstleistungen}: {Herausforderungen} und {Erfolgsfaktoren} der {OZG}-{Umsetzung} in der {Kommunalverwaltung}},
	volume = {58},
	issn = {1436-3011, 2198-2775},
	shorttitle = {Digitalisierung öffentlicher {Dienstleistungen}},
	howpublished = {\url{https://link.springer.com/10.1365/s40702-021-00765-5}},
	doi = {10.1365/s40702-021-00765-5},
	abstract = {In recent years, public sector digitalization has accelerated across administrative agencies. Nevertheless, in international comparison, Germany lags behind and often cannot meet the expectations of its citizens. For this reason, the German government has passed the Online Access Act and obliges the federal, state and local administrations to make their public services online available by the end of 2022. This particularly affects local administrations, as they have the most points of contact with citizens, but at the same time have a very heterogeneous level of digitalization. Therefore, the article takes a look at municipalities and counties to draw a comprehensive picture of the implementation of the Online Access Act based on a large-scale online survey with 629 participants. On the one hand, the results reveal that larger municipalities are already ahead of the smaller administrations in the implementation project and are taking a more strategic approach to the implementation of the Online Access Act. On the other hand, cooperation is of great importance for the smaller municipalities, to successfully master the digitalization of the administration despite tight budgets and personnel resources. To this end, the article points out the challenges of the implementation of the Online Access Act and corresponding success factors.},
	language = {de},
	number = {5},
	urldate = {2023-12-09},
	journal = {HMD Praxis der Wirtschaftsinformatik},
	author = {Halsbenning, Sebastian},
	month = oct,
	year = {2021},
	pages = {1038--1053},
	file = {Halsbenning - 2021 - Digitalisierung öffentlicher Dienstleistungen Her.pdf:C\:\\Users\\s0572\\Zotero\\storage\\XQ4T5GKL\\Halsbenning - 2021 - Digitalisierung öffentlicher Dienstleistungen Her.pdf:application/pdf},
}

@incollection{lohmann_architekturrahmen_2021,
	address = {Wiesbaden},
	title = {Ein {Architekturrahmen} zur {Gestaltung} digitaler {Verwaltungsprozesse}},
	isbn = {978-3-658-34521-1 978-3-658-34522-8      },
	howpublished = {\url{https://link.springer.com/10.1007/978-3-658-34522-8_1}}   ,
	language = {de},
	urldate = {2023-12-09},
	booktitle = {Architekturen der {Verwaltungsdigitalisierung}},
	publisher = {Springer Fachmedien Wiesbaden},
	author = {Lohmann, Ulrich},
	collaborator = {Lohmann, Ulrich},
	year = {2021},
	doi = {10.1007/978-3-658-34522-8_1},
	pages = {5--20},
	file = {Lohmann - 2021 - Ein Architekturrahmen zur Gestaltung digitaler Ver.pdf:C\:\\Users\\s0572\\Zotero\\storage\\HLBH7292\\Lohmann - 2021 - Ein Architekturrahmen zur Gestaltung digitaler Ver.pdf:application/pdf},
}

@misc{masterarbeit_fischer,
 year = {07.08.2017},
 author = {Fischer, Fabian},
 title = {Konzeption und Implementierung eines mobilen
GeoAR-SDKs zur Darstellung von Geodaten},
 howpublished = {\url{https://www.dropbox.com/s/kls1m2ob1qergzs/masterarbeit.pdf?dl=0}},
 urldate = {12.01.2024},
abstract = {Es wurden auf Basis von wissenschaftlichen Methoden die Anwendungsbereiche von AR ermittelt welche das Fundament für die Kriterien der Marktanalyse im location-based Augmented Reality Bereich gebildet haben. Das grobe Ergebnis der Marktanalyse ist, dass kein frei verfügbares GeoAR-SDK existiert welches georeferenzierte Linien und Flächen darstellen kann. Das detaillierte Ergebnis der Marktanalyse bildet die Grundlage für die Funktionalität eines GeoAR-SDKs. Das Ergebnis dieser Masterarbeit ist ein Konzept sowie eine prototypische Implementierung des, oben durch die Marktanalyse ermittelten, Bedarfs eines GeoAR-SDKs zu decken.},
}




@book{bar_digitalisierung_2018,
	address = {Berlin, Heidelberg},
	title = {Digitalisierung im {Spannungsfeld} von {Politik}, {Wirtschaft}, {Wissenschaft} und {Recht}: 2. {Band}: {Wissenschaft} und {Recht}},
	isbn = {978-3-662-56437-0 978-3-662-56438-7       },
	shorttitle = {Digitalisierung im {Spannungsfeld} von {Politik}, {Wirtschaft}, {Wissenschaft} und {Recht}},
	howpublished = {\url{http://link.springer.com/10.1007/978-3-662-56438-7}}   ,
	language = {de},
	urldate = {2023-12-09},
	publisher = {Springer Berlin Heidelberg},
	editor = {Bär, Christian and Grädler, Thomas and Mayr, Robert},
	year = {2018},
	doi = {10.1007/978-3-662-56438-7},
	file = {Bär et al. - 2018 - Digitalisierung im Spannungsfeld von Politik, Wirt.pdf:C\:\\Users\\s0572\\Zotero\\storage\\9KDUIUJN\\Bär et al. - 2018 - Digitalisierung im Spannungsfeld von Politik, Wirt.pdf:application/pdf},
}

@article{liebsch_einfluss_nodate,
	title = {Einfluss von {Digitalisierung} auf die öffentliche {Verwaltung} : am {Untersuchungsmerkmal} von organisationalen {Routinen}},
	language = {de},
	author = {Liebsch, Emilia},
	file = {Liebsch - Einfluss von Digitalisierung auf die öffentliche V.pdf:C\:\\Users\\s0572\\Zotero\\storage\\Q2CVU7U9\\Liebsch - Einfluss von Digitalisierung auf die öffentliche V.pdf:application/pdf},
}

@article{noauthor_verwaltung_nodate,
	title = {Verwaltung der {Zukunft} - {Praxisreport} mit {Beispielen} für eine moderne {Personalpolitik}},
	language = {de},
	file = {Verwaltung der Zukunft - Praxisreport mit Beispiel.pdf:C\:\\Users\\s0572\\Zotero\\storage\\FWCTYFYX\\Verwaltung der Zukunft - Praxisreport mit Beispiel.pdf:application/pdf},
}

@book{noauthor_handbuch_nodate,
	title = {Handbuch {Digitalisierung} der {Verwaltung}},
}

@article{noauthor_egovernment_nodate,
	title = {{eGovernment} {Monitor} 2020},
	language = {de},
	file = {egovernment-monitor-20.pdf:C\:\\Users\\s0572\\Desktop\\Bachelor\\Literatur\\ozg\\egovernment-monitor-20.pdf:application/pdf},
}

@article{rohl_verwaltungsdigitalisierung_nodate,
	title = {Verwaltungsdigitalisierung in {Deutschland}},
	language = {de},
	author = {Röhl, Klaus-Heiner},
	file = {IW-Report_2023-_Verwaltungsdigitalisierung.pdf:C\:\\Users\\s0572\\Desktop\\Bachelor\\Literatur\\ozg\\IW-Report_2023-_Verwaltungsdigitalisierung.pdf:application/pdf},
}

@article{noauthor_egovernment_nodate-1,
	title = {{eGovernment} {MONITOR} 2023},
	language = {de},
	file = {egovernment_monitor_23.pdf:C\:\\Users\\s0572\\Desktop\\Bachelor\\Literatur\\ozg\\egovernment_monitor_23.pdf:application/pdf},
}
@book{InitiativeD21e.V.2021,
	year = {2023},
	title = {D21-Digital-Index 2022/ 2023: J{\"a}hrliches Lagebild zur Digitalen Gesellschaft},
	howpublished = {\url{https://initiatived21.de/uploads/03_Studien-Publikationen/D21-Digital-Index/2022-23/d21digitalindex_202223.pdf}},
	address = {Berlin},
	publisher = {{Initiative D21}},
	series = {D21-Digital-Index},
	institution = {{Initiative D21 e.V}}
}

@book{plener_formular_2021,
	title = {Das {Formular}},
	howpublished = {\url{https://library.oapen.org/handle/20.500.12657/54040}},
	language = {German},
	urldate = {2024-01-05},
	publisher = {Springer Nature},
	editor = {Plener, Peter and Werber, Niels and Wolf, Burkhardt},
	year = {2021},
	doi = {10.1007/978-3-662-64084-5},
	keywords = {Digitalisierung, Administration, Aufschreibesysteme, bic Book Industry Communication::D Literature \& literary studies, bic Book Industry Communication::J Society \& social sciences, bic Book Industry Communication::J Society \& social sciences::JF Society \& culture: general::JFC Cultural studies, bic Book Industry Communication::J Society \& social sciences::JF Society \& culture: general::JFD Media studies, bic Book Industry Communication::J Society \& social sciences::JP Politics \& government::JPH Political structure \& processes, bic Book Industry Communication::J Society \& social sciences::JP Politics \& government::JPP Public administration, Dispositiv, Lückentexte, Open Access, Verwaltung},
	file = {Plener et al. - 2021 - Das Formular.pdf:files/194/Plener et al. - 2021 - Das Formular.pdf:application/pdf},
}
@book{brinkhoff_geodatenbanksysteme_2022,
	address = {Berlin Offenbach},
	edition = {4., überarbeitete und erweiterte Auflage},
	title = {Geodatenbanksysteme in {Theorie} und {Praxis}: {Einführung} unter besonderer {Berücksichtigung} von {PostGIS} und {Oracle}},
	isbn = {978-3-87907-695-6 978-3-87907-694-9      },
	shorttitle = {Geodatenbanksysteme in {Theorie} und {Praxis}},
	language = {ger},
	publisher = {Wichmann},
	author = {Brinkhoff, Thomas},
	year = {2022},
	annote = {Literaturverzeichnis: Seite 573-581},
	file = {Table of Contents PDF:files/286/Brinkhoff - 2022 - Geodatenbanksysteme in Theorie und Praxis Einführ.pdf:application/pdf},
}